@book{GIG,
 publisher = {GIG Algeria},
note      = {\href{https://gig.dz/}{Lien}}

}
@book{Udemy,
 publisher = {Udemy business},
note      = {\href{https://business.udemy.com/fr/?utm_source=organic-search&utm_medium=google}{Lien}}

}
@book{Acteur,
  title = {Identification des acteurs},
  year = {2021},
  publisher = {IBM},
 note      = {\href{https://www.ibm.com/docs/fr/rational-soft-arch/9.6.1?topic=ss8pj7-9-6-1-com-ibm-xtools-tutorial-piggybank-topics-module1-exercise1-4piggybank-html}{Lien}}
}
@book{Usecase,
  title = {DÃ©finition et importance des use cases},
  publisher = {cso-at-work},
 note      = {\href{https://www.cso-at-work.com/blog/use-case-def-comprendre-et-appliquer-les-cas-dutilisation-en-entreprise\#definition-et-importance-des-use-cases}{Lien}}
}
@book{Linkedin-Learning,
    publisher = {LinkedIn Learning},
    note      = {\href{https://www.linkedin.com/learning/}{Lien}}
}
@book{UML,
    title = {Qu'est-ce que le langage UML ?},
    publisher = {lucidchart},
    note     ={\href{https://www.lucidchart.com/pages/fr/langage-uml}{Lien}},
}
@book{classe,
    title ={What is Class Diagram?} ,
    publisher ={visual-paradigm} ,
    note     ={\href{https://www.visual-paradigm.com/guide/uml-unified-modeling-language/what-is-class-diagram/}{Lien}},
}
@book{draw-io,
    title = {Draw.io : un outil pour dessiner des diagrammes en ligne} ,
    publisher = {tice-education},
    note     ={\href{https://www.tice-education.fr/tous-les-articles-er-ressources/articles-internet/819-draw-io-un-outil-pour-dessiner-des-diagrammes-en-ligne}{Lien}},
}
@book{figma,
    title ={What is Figma? \& What is Figma used for?} ,
    publisher ={andacademy} ,
  note     ={\href{https://www.andacademy.com/resources/blog/graphic-design/what-is-figma/\#What}{Lien}},
}
@book{FastApi,
    title ={FastApi framework} ,
    publisher ={fastapi} ,
     note     ={\href{https://fastapi.tiangolo.com/}{Lien}},
}
@book{drawiointerface,
    title ={Drawio interface} ,
    publisher ={draw.io} ,
     note     ={\href{https://app.diagrams.net/}{Lien}},
}
@book{figmainterface,
    title ={figma interface} ,
    publisher ={draw.io} ,
     note     ={\href{https://www.figma.com/fr-fr/}{Lien}},
}
@book{postgresql,
    title ={PostgreSQL: The World's Most Advanced Open Source Relational Database} ,
    publisher ={postgresql} ,
     note     ={\href{https://www.postgresql.org/}{Lien}},
}
@book{cloudinary,
    title ={Cloudinary interface} ,
     note     ={\href{https://cloudinary.com/}{Lien}},
}
@book{github,
    title ={github interface} ,
     note     ={\href{https://github.com/}{Lien}},
}
